<?xml version="1.0" encoding="UTF-8"?><record xmlns="http://www.loc.gov/MARC21/slim" xmlns:cinclude="http://apache.org/cocoon/include/1.0" xmlns:zs="http://www.loc.gov/zing/srw/">
  <leader>00372nz  a2200121n  4500</leader>
  <controlfield tag="001">n  85088580 </controlfield>
  <controlfield tag="003">DLC</controlfield>
  <controlfield tag="005">19850620000000.0</controlfield>
  <controlfield tag="008">850516n| acannaab|          |n aaa |||  </controlfield>
  <datafield tag="010" ind1=" " ind2=" ">
    <subfield code="a">n  85088580 </subfield>
  </datafield>
  <datafield tag="040" ind1=" " ind2=" ">
    <subfield code="a">InU</subfield>
    <subfield code="c">DLC</subfield>
  </datafield>
  <datafield tag="100" ind1="1" ind2="0">
    <subfield code="a">Ralescu, Anca L.,</subfield>
    <subfield code="d">1949-</subfield>
  </datafield>
  <datafield tag="670" ind1=" " ind2=" ">
    <subfield code="a">Her General rates of decay for weighted empirical processes, 1983:</subfield>
    <subfield code="b">t.p. (Anca L. Ralescu) leaf 52 (b. 9/23/49)</subfield>
  </datafield>
</record>